{
  "leader": "01666nam a22004571a 4500",
  "fields": [
    {
      "005": "20241218011809.0"
    },
    {
      "008": "880808s1983    ja a          001 0 jpn d"
    },
    {
      "001": "990008019700106381"
    },
    {
      "020": {
        "ind1": " ",
        "ind2": " ",
        "subfields": [
          {
            "a": "4931150012 :"
          },
          {
            "c": "Y500"
          }
        ]
      }
    },
    {
      "035": {
        "ind1": " ",
        "ind2": " ",
        "subfields": [
          {
            "a": "(MiU)000801970MIU01"
          }
        ]
      }
    },
    {
      "035": {
        "ind1": " ",
        "ind2": " ",
        "subfields": [
          {
            "a": "(RLIN)MIUO86-B4430"
          }
        ]
      }
    },
    {
      "035": {
        "ind1": " ",
        "ind2": " ",
        "subfields": [
          {
            "a": "(CaOTULAS)160054554"
          }
        ]
      }
    },
    {
      "035": {
        "ind1": " ",
        "ind2": " ",
        "subfields": [
          {
            "a": "(OCoLC)23343161"
          }
        ]
      }
    },
    {
      "040": {
        "ind1": " ",
        "ind2": " ",
        "subfields": [
          {
            "a": "MiU-A"
          },
          {
            "c": "MiU-A"
          },
          {
            "d": "UtOrBLW"
          }
        ]
      }
    },
    {
      "043": {
        "ind1": " ",
        "ind2": " ",
        "subfields": [
          {
            "a": "a-ja---"
          }
        ]
      }
    },
    {
      "100": {
        "ind1": "1",
        "ind2": " ",
        "subfields": [
          {
            "6": "880-01"
          },
          {
            "a": "Saeki, Akimitsu."
          }
        ]
      }
    },
    {
      "880": {
        "ind1": "1",
        "ind2": " ",
        "subfields": [
          {
            "6": "100-01/"
          },
          {
            "a": "\\u4f50\\u4f2f\\u5f70\\u5149."
          }
        ]
      }
    },
    {
      "245": {
        "ind1": "1",
        "ind2": "0",
        "subfields": [
          {
            "6": "880-02"
          },
          {
            "a": "San\\u02bcya no tori ="
          },
          {
            "b": "Concise field guide to land birds /"
          },
          {
            "c": "kaisetsu Saeki Akimitsu ; e Taniguchi Takashi."
          }
        ]
      }
    },
    {
      "880": {
        "ind1": "1",
        "ind2": "0",
        "subfields": [
          {
            "6": "245-02/"
          },
          {
            "a": "\\u5c71\\u91ce\\u306e\\u9ce5 ="
          },
          {
            "b": "Concise field guide to land birds /"
          },
          {
            "c": "\\u89e3\\u8aaa\\u4f50\\u4f2f\\u5f70\\u5149 ; \\u7d75\\u8c37\\u53e3\\u9ad8\\u53f8."
          }
        ]
      }
    },
    {
      "250": {
        "ind1": " ",
        "ind2": " ",
        "subfields": [
          {
            "6": "880-03"
          },
          {
            "a": "3-teiban."
          }
        ]
      }
    },
    {
      "880": {
        "ind1": " ",
        "ind2": " ",
        "subfields": [
          {
            "6": "250-03/"
          },
          {
            "a": "3\\u8a02\\u7248."
          }
        ]
      }
    },
    {
      "260": {
        "ind1": " ",
        "ind2": " ",
        "subfields": [
          {
            "6": "880-04"
          },
          {
            "a": "T\\u014dky\\u014d :"
          },
          {
            "b": "Nihon Yach\\u014d no Kai,"
          },
          {
            "c": "1983"
          },
          {
            "g": "(1984 printing)"
          }
        ]
      }
    },
    {
      "880": {
        "ind1": " ",
        "ind2": " ",
        "subfields": [
          {
            "6": "260-04/"
          },
          {
            "a": "\\u6771\\u4eac :"
          },
          {
            "b": "\\u65e5\\u672c\\u91ce\\u9ce5\\u306e\\u4f1a,"
          },
          {
            "c": "1983"
          },
          {
            "g": "(1984 printing)"
          }
        ]
      }
    },
    {
      "300": {
        "ind1": " ",
        "ind2": " ",
        "subfields": [
          {
            "a": "64 p. :"
          },
          {
            "b": "ill. ;"
          },
          {
            "c": "18 cm."
          }
        ]
      }
    },
    {
      "336": {
        "ind1": " ",
        "ind2": " ",
        "subfields": [
          {
            "a": "text"
          },
          {
            "b": "txt"
          },
          {
            "2": "rdacontent"
          }
        ]
      }
    },
    {
      "337": {
        "ind1": " ",
        "ind2": " ",
        "subfields": [
          {
            "a": "unmediated"
          },
          {
            "b": "n"
          },
          {
            "2": "rdamedia"
          }
        ]
      }
    },
    {
      "338": {
        "ind1": " ",
        "ind2": " ",
        "subfields": [
          {
            "a": "volume"
          },
          {
            "b": "nc"
          },
          {
            "2": "rdacarrier"
          }
        ]
      }
    },
    {
      "490": {
        "ind1": "1",
        "ind2": " ",
        "subfields": [
          {
            "6": "880-05"
          },
          {
            "a": "Yagai kansatsu handobukku ;"
          },
          {
            "v": "1"
          }
        ]
      }
    },
    {
      "880": {
        "ind1": "1",
        "ind2": " ",
        "subfields": [
          {
            "6": "490-05/"
          },
          {
            "a": "\\u91ce\\u5916\\u89b3\\u5bdf\\u30cf\\u30f3\\u30c9\\u30d6\\u30c3\\u30af ;"
          },
          {
            "v": "1"
          }
        ]
      }
    },
    {
      "500": {
        "ind1": " ",
        "ind2": " ",
        "subfields": [
          {
            "a": "Includes index."
          }
        ]
      }
    },
    {
      "650": {
        "ind1": " ",
        "ind2": "0",
        "subfields": [
          {
            "a": "Birds"
          },
          {
            "z": "Japan"
          },
          {
            "v": "Identification."
          },
          {
            "0": "http://id.loc.gov/authorities/subjects/sh85014310"
          }
        ]
      }
    },
    {
      "700": {
        "ind1": "1",
        "ind2": " ",
        "subfields": [
          {
            "6": "880-06"
          },
          {
            "a": "Taniguchi, Takashi."
          }
        ]
      }
    },
    {
      "880": {
        "ind1": "1",
        "ind2": " ",
        "subfields": [
          {
            "6": "700-06/"
          },
          {
            "a": "\\u8c37\\u53e3\\u9ad8\\u53f8."
          }
        ]
      }
    },
    {
      "740": {
        "ind1": "0",
        "ind2": " ",
        "subfields": [
          {
            "a": "Concise field guide to land birds."
          }
        ]
      }
    },
    {
      "830": {
        "ind1": " ",
        "ind2": "0",
        "subfields": [
          {
            "6": "880-07"
          },
          {
            "a": "Yagai kansatsu handobukku ;"
          },
          {
            "v": "1."
          }
        ]
      }
    },
    {
      "880": {
        "ind1": " ",
        "ind2": "0",
        "subfields": [
          {
            "6": "830-07/"
          },
          {
            "a": "\\u91ce\\u5916\\u89b3\\u5bdf\\u30cf\\u30f3\\u30c9\\u30d6\\u30c3\\u30af ;"
          },
          {
            "v": "1."
          }
        ]
      }
    },
    {
      "908": {
        "ind1": " ",
        "ind2": " ",
        "subfields": [
          {
            "a": "AuthComplete 2024-12-17"
          }
        ]
      }
    },
    {
      "958": {
        "ind1": " ",
        "ind2": " ",
        "subfields": [
          {
            "a": "MiU"
          }
        ]
      }
    },
    {
      "959": {
        "ind1": " ",
        "ind2": " ",
        "subfields": [
          {
            "a": "(notis)ULADK8050"
          }
        ]
      }
    },
    {
      "995": {
        "ind1": " ",
        "ind2": " ",
        "subfields": [
          {
            "a": "20"
          }
        ]
      }
    },
    {
      "998": {
        "ind1": " ",
        "ind2": " ",
        "subfields": [
          {
            "c": "CS"
          },
          {
            "s": "9114"
          }
        ]
      }
    },
    {
      "BIB": {
        "ind1": " ",
        "ind2": " ",
        "subfields": [
          {
            "u": "2024-12-24 11:45:30 US/Eastern"
          },
          {
            "c": "2021-06-21 11:28:58 US/Eastern"
          },
          {
            "s": "false"
          }
        ]
      }
    },
    {
      "852": {
        "ind1": "0",
        "ind2": " ",
        "subfields": [
          {
            "b": "MUSM"
          },
          {
            "a": "MiU"
          },
          {
            "c": "BIR"
          },
          {
            "h": "QL 691 .J3 S25 1983"
          },
          {
            "8": "22857812530006381"
          }
        ]
      }
    },
    {
      "974": {
        "ind1": " ",
        "ind2": " ",
        "subfields": [
          {
            "8": "22857812530006381"
          },
          {
            "f": "1"
          },
          {
            "c": "BIR"
          },
          {
            "m": "BOOK"
          },
          {
            "a": "39015052384248"
          },
          {
            "e": "BIR"
          },
          {
            "7": "23857812520006381"
          },
          {
            "r": "1988-08-08 06:59:00 US/Eastern"
          },
          {
            "h": "QL 691 .J3 S25 1983"
          },
          {
            "d": "MUSM"
          },
          {
            "b": "MUSM"
          }
        ]
      }
    }
  ]
}
